<record><leader>00000cas a2200000 a 4500</leader><controlfield tag="001">38472125</controlfield><controlfield tag="008">980219c19949999nyuwr ne      0    0eng c</controlfield><datafield ind1=" " ind2=" " tag="010"><subfield code="a">sn 98067549 </subfield></datafield><datafield ind1=" " ind2=" " tag="040"><subfield code="a">NYS</subfield><subfield code="b">eng</subfield><subfield code="c">NYS</subfield><subfield code="d">OCLCQ</subfield><subfield code="d">OCLCF</subfield><subfield code="d">OCLCO</subfield></datafield><datafield ind1="1" ind2=" " tag="029"><subfield code="a">AU@</subfield><subfield code="b">000013904137</subfield></datafield><datafield ind1=" " ind2=" " tag="042"><subfield code="a">pcc</subfield></datafield><datafield ind1=" " ind2=" " tag="043"><subfield code="a">n-us-ny</subfield></datafield><datafield ind1="0" ind2=" " tag="130"><subfield code="a">East Rockaway observer (Mineola, N.Y.)</subfield></datafield><datafield ind1="1" ind2="4" tag="245"><subfield code="a">The East Rockaway observer.</subfield></datafield><datafield ind1=" " ind2=" " tag="260"><subfield code="a">Mineola, N.Y. :</subfield><subfield code="b">Long Island Community Newspaper Group,</subfield><subfield code="c">1994-</subfield></datafield><datafield ind1=" " ind2=" " tag="300"><subfield code="a">v. :</subfield><subfield code="b">ill.</subfield></datafield><datafield ind1=" " ind2=" " tag="310"><subfield code="a">Weekly</subfield></datafield><datafield ind1="0" ind2=" " tag="362"><subfield code="a">Vol. 42, no. 16 (Apr. 21, 1994)-</subfield></datafield><datafield ind1=" " ind2=" " tag="500"><subfield code="a">Published by Nassau Community Newspaper Group, &lt;1995&gt;-</subfield></datafield><datafield ind1=" " ind2=" " tag="500"><subfield code="a">Official newspaper for the village of East Rockaway, and Lynbrook school district.</subfield></datafield><datafield ind1=" " ind2=" " tag="500"><subfield code="a">Serving East Rockaway, Bay Park, Hewlett Point and Lynbrook.</subfield></datafield><datafield ind1=" " ind2="0" tag="651"><subfield code="a">Mineola (N.Y.)</subfield><subfield code="v">Newspapers.</subfield></datafield><datafield ind1=" " ind2="0" tag="651"><subfield code="a">East Rockaway (N.Y.)</subfield><subfield code="v">Newspapers.</subfield></datafield><datafield ind1=" " ind2="0" tag="651"><subfield code="a">Nassau County (N.Y.)</subfield><subfield code="v">Newspapers.</subfield></datafield><datafield ind1=" " ind2="7" tag="655"><subfield code="a">Newspapers.</subfield><subfield code="2">fast</subfield><subfield code="0">(OCoLC)fst01423814</subfield></datafield><datafield ind1=" " ind2="7" tag="651"><subfield code="a">New York (State)</subfield><subfield code="z">East Rockaway.</subfield><subfield code="2">fast</subfield><subfield code="0">(OCoLC)fst01203779</subfield></datafield><datafield ind1=" " ind2="7" tag="651"><subfield code="a">New York (State)</subfield><subfield code="z">Mineola.</subfield><subfield code="2">fast</subfield><subfield code="0">(OCoLC)fst01223780</subfield></datafield><datafield ind1=" " ind2="7" tag="651"><subfield code="a">New York (State)</subfield><subfield code="z">Nassau County.</subfield><subfield code="2">fast</subfield><subfield code="0">(OCoLC)fst01205518</subfield></datafield><datafield ind1=" " ind2=" " tag="752"><subfield code="a">United States</subfield><subfield code="b">New York</subfield><subfield code="c">Nassau</subfield><subfield code="d">Mineola.</subfield></datafield><datafield ind1="0" ind2="0" tag="780"><subfield code="t">East Rockaway Lynbrook observer</subfield><subfield code="x">0746-2093</subfield><subfield code="w">(DLC)sn 83008745</subfield><subfield code="w">(OCoLC)9865055</subfield></datafield></record>